@book{liu2017plasmonics,
  title={Plasmonics and Super-resolution Imaging},
  author={Liu, Zhaowei},
  year={2017},
  publisher={CRC Press}
}

@article{lu2012hyperlenses,
  title={Hyperlenses and metalenses for far-field super-resolution imaging},
  author={Lu, Dylan and Liu, Zhaowei},
  journal={Nature communications},
  volume={3},
  pages={1205},
  year={2012},
  publisher={Nature Publishing Group}
}

@article{li2019metalens,
  title={Metalens-Based Miniaturized Optical Systems},
  author={Li, Bo and Piyawattanametha, Wibool and Qiu, Zhen},
  journal={Micromachines},
  volume={10},
  number={5},
  pages={310},
  year={2019},
  publisher={Multidisciplinary Digital Publishing Institute}
}

@article{dushkina2017coloration,
  title={Coloration and Structure of the Wings of Chorinea sylphina Bates},
  author={Dushkina, Natalia and Erten, Sema and Lakhtakia, Akhlesh},
  journal={The Journal of the Lepidopterists' Society},
  volume={71},
  number={1},
  pages={1--12},
  year={2017},
  publisher={BioOne}
}